3450 5100
1545 528 1628 648 ἐι

475 753 478 758 ’
527 737 882 844 Eunibus
928 737 1293 824 hauritur
1341 725 1669 817 modicis
1710 751 2001 816 tamen
2016 706 2229 833 untia
2269 721 2660 878 liquoris
2636 789 2657 828 ,

530 847 938 980 Paulisper
991 867 1284 958 distans
1337 875 1688 978 supremi
1740 873 2108 976 marginis
2164 873 2335 946 oriS.

498 997 902 1096 'Assiduos
917 1024 1216 1091 cantus
1245 1067 1264 1098 ,
1301 999 1602 1115 gelidae
1640 1033 1959 1111 quoque
1996 1006 2250 1082 noctis
2289 1007 2401 1080 in·
2397 1007 2565 1080 oris
2600 1037 2637 1094 ‚·
2660 1013 2687 1052 '-

465 1233 476 1246 ,
533 1144 904 1247 Quosque
944 1140 1156 1250 Echo
1194 1143 1480 1219 veteris
1521 1143 1855 1244 gemitus
1898 1139 2031 1216 dat
2070 1167 2297 1215 causa
2344 1135 2657 1256 doloris.

528 1274 774 1356 Audit
806 1251 844 1367 ‚¹
883 1292 961 1352 et
1010 1256 1329 1352 hinnitu
1385 1275 1655 1352 crebro
1709 1273 2049 1352 laetatur
2100 1289 2485 1379 equorum
2517 1329 2536 1360 ,

533 1411 750 1508 Quos
801 1409 1072 1490 latices
1127 1425 1400 1514 potant
1451 1409 1674 1487 laeva
1729 1397 2159 1486 auxiliante
2213 1431 2584 1495 suorum,

531 1546 940 1666 Namque
914 1572 1092 1620 suos
1114 1543 1364 1656 fontes
1390 1602 1409 1634 ,
1431 1559 1869 1650 puteosque
1890 1541 2337 1646 relinquere
2360 1533 2763 1661 Nymphas

497 1661 782 1782 *Saepe
834 1676 1101 1783 videre
1156 1703 1439 1782 queas,
1497 1679 1837 1780 istasque
1893 1677 2225 1752 invisere
2254 1659 2661 1778 limphas

533 1811 732 1896 Huc
759 1837 1001 1914 pecus
1056 1837 1288 1888 omne
1340 1809 1648 1900 libens,
1703 1808 1916 1886 unda
1973 1799 2303 1885 labente
2343 1799 2663 1900 'relicta‚'

422 1934 434 1963 '³
540 1945 805 2026 Currit
838 2001 857 2034 ‚
923 1946 1044 2020 uti
1097 1943 1448 2048 Paphiae
1489 1943 1912 2062 volucres,
1969 1941 2067 2019 ad
2120 1939 2449 2062 pabula
2465 1942 2663 2018 ficta.

534 2081 714 2156 Non
767 2064 1081 2207 stupeas
1122 2078 1480 2190 homines
1523 2073 1889 2194 cupidos
1871 2077 2216 2164 meliola
2260 2091 2613 2210 petentes
2643 2137 2664 2174 ,

541 2215 743 2320 Cum
794 2216 1093 2326 potiora
1150 2193 1434 2340 petunt
1487 2207 1831 2334 pecudes
1886 2207 2184 2290 ratione
2241 2229 2655 2290 carentes.

539 2315 704 2426 Cur
758 2363 1024 2448 tamen
1065 2333 1230 2424 hoc
1256 2341 1545 2428 faciant
1583 2350 1829 2453 Ρο55ἰ5
1872 2351 2030 2452 quo
2070 2335 2337 2424 mente
2366 2328 2663 2445 videre,

525 2469 903 2561 Numinis
957 2481 1250 2560 auxilio
1303 2485 1598 2559 summi
1653 2462 1970 2559 tentabo
2028 2471 2379 2561 (locere.

536 2588 911 2715 Quamvis
966 2594 1291 2695 naturae
1347 2633 1690 2721 nequeat
1744 2624 2049 2695 secreta
2092 2616 2409 2695 latentis

531 2747 946 2829 Funditus
973 2750 1366 2828 humanae
1421 2755 1617 2829 ratio
1670 2772 2133 2856 cognoscere
2186 2757 2495 2832 mentis.
2630 2853 2637 2860 .

538 2885 791 2965 Credo
834 2885 1051 2990 quod
1102 2884 1315 2961 unda
1371 2885 1508 2967 (liu
1548 2886 1824 2972 lassata
1881 2886 2232 2997 cadendo
2284 2890 2665 3024 rigorem,

532 3018 928 3097 Laedendi
978 3022 1184 3098 vires
1237 3035 1522 3125 ponat,
1577 3030 2087 3151 nocuumque
2140 3026 2487 3127 vigorem
2522 3084 2542 3116 ‚

539 3153 743 3230 Cum
797 3168 1156 3257 suscepta
1209 3148 1388 3264 lacu
1445 3142 1895 3259 pervenerit
1948 3158 2113 3261 ipse
2154 3133 2533 3249 5ἱΙειιῑὶζ
2587 3236 2593 3243 ,
2641 3246 2647 3253 ,

529 3287 694 3363 Nec
747 3281 1056 3391 trepido
1109 3313 1342 3363 cursu
1399 3291 1799 3391 quatitur,
1859 3318 2001 3367 nec
2057 3292 2370 3371 flamine
2425 3296 2664 3401 venti.

523 3421 754 3520 Hinc,
769 3422 1140 3535 gravitate
1182 3448 1452 3497 carens
1490 3420 1747 3499 levius
1786 3453 1928 3529 per
1966 3423 2261 3504 viscera
2302 3432 2624 3521 manat,
2690 3446 2697 3456 ’

527 3542 1066 3661 Membraque
1077 3554 1272 3639 fessa
1299 3554 1550 3633 levat:
1580 3536 2035 3665 languentia
2066 3534 2387 3665 corpora
2418 3548 2663 3645 sanat.

531 3678 734 3789 Sed,
769 3714 870 3781 ne
903 3688 1106 3787 forte
1133 3686 1370 3816 putes
1406 3686 1598 3808 haec
1641 3689 2059 3813 quisquam
2101 3694 2377 3805 frivola
2399 3687 2639 3775 dicta
2643 3758 2661 3790 ,

525 3814 909 3924 Expertus
951 3826 1280 3929 poteris
1307 3852 1769 3928 cognoscere
1824 3855 1983 3903 non
2036 3830 2199 3945 fore
2254 3823 2455 3926 ficta.
2527 3902 2531 3907 ,
2615 3916 2631 3934 „

518 3954 629 4079 Si
662 3955 782 4061 vis
833 3950 1072 4058 hujus
1127 3986 1372 4078 aquae
1426 3956 1771 4070 phialas
1781 3954 2060 4083 metire
2118 3981 2621 4083 quaternas
2567 4026 2589 4061 ‚

525 4077 1031 4199 Alterlusque
1082 4095 1340 4225 paris
1345 4121 1761 4224 mensurae
1792 4080 2129 4229 suscipe
2171 4096 2547 4205 ternas‘,
2617 4066 2637 4205 ,ι

529 4205 778 4326 Inque
839 4225 1038 4329 pari
1079 4208 1391 4303 trutina
1422 4211 1672 4333 pones
1708 4218 2161 4341 utrumque
2215 4202 2701 4340 liquorem}
